
 @book{book:ADS:trie,
 	author = {Peter Brass},
	title = {Advanced Data Structures},
 	publisher = {Cambridge University Press},
 	year = {2008},
 	chapter = {8.1},
 	pages = {336-356},
 }
 
  @book{book:ADS:complexity,
 	author = {Peter Brass},
	title = {Advanced Data Structures},
 	publisher = {Cambridge University Press},
 	year = {2008},
 	chapter = {8.1},
 	pages = {341},
 }
 
 
 @MISC{ fig:Trie_example,
    author = {Booyabazooka (based on PNG image by Deco). Modifications by Superm401},
    title = {Example of a trie},
    year = {2006},
    note = {[Online; accessed 13-January-2017]},
    url = {https://en.wikipedia.org/wiki/File:Trie_example.svg}
}
 
